@article{coco_bib,
  author    = {Tsung-Yi Lin, James Hays and Michael Maire, Pietro Perona and Serge Belongie, Deva Ramanan, Lubomir Bourdev and Lawrence Zitnick, Ross Girshick and Piotr Doll{\'a}r},
  title     = {Microsoft COCO: Common Objects in Context},
  journal   = {ECCV},
  year      = {2015},
  adsurl = {https://arxiv.org/pdf/1405.0312.pdf},
}

@article{pascal_bib,
  author    = {Mark Everingham, Luc Van Gool and Christopher K. I. Williams, John Winn and Andrew Zisserman},
  title     = {The PASCAL Visual Object Classes (VOC) Challenge},
  journal   = {IJCV},
  year      = {2009},
  adsurl = {http://host.robots.ox.ac.uk/pascal/VOC/pubs/everingham10.pdf},
}

@article{ilsvrc_bib,
  author    = {Olga Russakovsky*, Jia Deng* and Hao Su, Jonathan Krause and Sanjeev Satheesh, Sean Ma and Zhiheng Huang, Andrej Karpathy and Aditya Khosla, Michael Bernstein and Alexander C. Berg and Li Fei-Fei},
  title     = {ImageNet Large Scale Visual Recognition Challenge},
  journal   = {IJCV},
  year      = {2015},
  adsurl = {https://arxiv.org/pdf/1409.0575.pdf},
}

@article{plantclef_bib,
  author    = {Pierre Bonne, Alexis Joly and Herv{\'e} Goëau},
  title     = {Plant Identification in an Open-world (LifeCLEF 2016)},
  journal   = {CLEF},
  year      = {2016},
  adsurl = {https://hal.archives-ouvertes.fr/hal-01373780/document},
}

@article{rcnn_bib,
  author    = {Ming Liang and Xiaolin Hu},
  title     = {Recurrent Convolutional Neural Network for Object Recognition},
  journal   = {IEEE},
  year      = {2015},
  adsurl = {https://www.cv-foundation.org/openaccess/content_cvpr_2015/papers/Liang_Recurrent_Convolutional_Neural_2015_CVPR_paper.pdf},
}

@article{r_cnn_bib,
  author    = {Ross Girshick, Trevor Darrell and Jitendra Malik},
  title     = {Region-based Convolutional Networks for Accurate Object Detection and Segmentation},
  journal   = {ICCV},
  year      = {2016},
  adsurl = {http://islab.ulsan.ac.kr/files/announcement/513/rcnn_pami.pdf},
}

@article{fast_rcnn_bib,
  author    = {Ross Girshick},
  title     = {Fast R-CNN},
  journal   = {ICCV},
  year      = {2016},
  adsurl = {https://pdfs.semanticscholar.org/e379/0f2fb709d38d7dbe911abdfc0a0f4a0cb01f.pdf},
}

@article{faster_rcnn_bib,
  author    = {Shaoqing Ren, Kaiming He and Ross Girshick, Jian Sun},
  title     = {Faster R-CNN: Towards Real-Time Object Detection with Region Proposal Networks},
  journal   = {IEE},
  year      = {2017},
  adsurl = {http://www.cvlibs.net/projects/autonomous_vision_survey/literature/Ren2015NIPS.pdf},
}

@article{yolo_bib,
  author    = {Joseph Redmon, Santosh Divvala, Ross Girshick and Ali Farhadi},
  title     = {You Only Look Once: Unified, Real-Time Object Detection},
  journal   = {CVPR},
  year      = {2016},
  adsurl = {https://pjreddie.com/media/files/papers/yolo.pdf},
}

@article{ssd_bib,
  author    = {Wei Liu, Dragomir Anguelov and Dumitru Erhan, Christian Szegedy and Scott Reed, Cheng-Yang Fu and Alexander C. Berg},
  title     = {SSD: Single Shot MultiBox Detector},
  journal   = {ECCV},
  year      = {2016},
  adsurl = {https://www.cs.unc.edu/~wliu/papers/ssd.pdf},
}

@article{rfcn_bib,
  author    = {Jifeng Dai, Yi Li, Kaiming He and Jian Sun},
  title     = {R-FCN: Object Detection via Region-based Fully Convolutional Networks},
  journal   = {NIPS},
  year      = {2016},
  adsurl = {https://arxiv.org/pdf/1605.06409.pdf},
}

@article{mask_rcnn_bib,
  author    = {Kaiming He, Piotr Doll{\'a}r and Ross Girshick, Georgia Gkioxari},
  title     = {Mask R-CNN},
  journal   = {CoRR},
  year      = {2017},
  adsurl = {https://arxiv.org/pdf/1703.06870.pdf},
}

@article{fpn_bib,
  author    = {Tsung-Yi Lin, Piotr Doll{\'a}r and Ross Girshick, Kaiming He and Bharath Hariharan, Serge Belongie},
  title     = {Feature Pyramid Networks for Object Detection},
  journal   = {CVPR},
  year      = {2017},
  adsurl = {https://arxiv.org/pdf/1612.03144.pdf},
}

@misc{detection_suite_bib,
author = {Francisco Rivas},
title = {DetectionSuite},
year  = {2017},
howpublished = {\url{http://jderobot.org/index.php/Tools#DetectionSuite}}
}

@misc{deep_learning_bib,
author = {Li Deng and Dong Yu},
title = {DEEP LEARNING: METHODS AND APPLICATIONS},
year  = {2014},
howpublished = {\url{https://pdfs.semanticscholar.org/9260/a65f84384b0b12b32810e171a3c1cc0c0ffa.pdf}}
}

@article{train_obj_bib,
  author    = {Constantine Papageorgiou and Tomaso Poggio},
  title     = {A Trainable System for Object Detection},
  journal   = {IJCV},
  year      = {2000},
  adsurl = {http://citeseerx.ist.psu.edu/viewdoc/download?doi=10.1.1.91.1537&rep=rep1&type=pdf},
}

@article{deepnn_bib,
  author    = {Christian Szegedy,  Alexander Toshev and Dumitru Erhan},
  title     = {Deep Neural Networks for Object Detection},
  journal   = {NIPS},
  year      = {2013},
  adsurl = {http://papers.nips.cc/paper/5207-deep-neural-networks-for-object-detection.pdf},
}

@article{deepid_bib,
  author    = {Wanli Ouyang, Xiaogang Wang and Xingyu Zeng, Shi Qiu, Ping Luo and Yonglong Tian, Hongsheng Li and Shuo Yang, Zhe Wang and Chen-Change Loy, Xiaoou T
ang},
  title     = {DeepID-Net: Deformable Deep Convolutional Neural Networks for Object Detection},
  journal   = {CVPR},
  year      = {2015},
  adsurl = {https://arxiv.org/pdf/1412.5661.pdf},
}

@article{cascade_rcnn_bib,
  author    = {Zhaowei Cai and Nuno Vasconcelos},
  title     = {Cascade R-CNN: Delving into High Quality Object Detection},
  journal   = {CVPR},
  year      = {2017},
  adsurl = {https://arxiv.org/pdf/1712.00726.pdf},
}

@article{pvanet_bib,
  author    = {Sanghoon Hong, Byungseok Roh and Kye-Hyeon Kim, Yeongjae Cheon and Minje Park},
  title     = {PVANet: Lightweight Deep Neural Networks for Real-time Object Detection},
  journal   = {CVPR},
  year      = {2016},
  adsurl = {https://arxiv.org/pdf/1611.08588.pdf},
}

@article{stuffnet_bib,
  author    = {Samarth Brahmbhatt, Henrik I. Christensen and James Hays},
  title     = {StuffNet: Using ‘Stuff’ to Improve Object Detection},
  journal   = {WACV},
  year      = {2017},
  adsurl = {https://arxiv.org/pdf/1610.05861.pdf},
}

@article{enhacement_ssd_bib,
  author    = {Jisoo Jeong, Hyojin Park and Nojun Kwak},
  title     = {Enhancement of SSD by concatenating feature maps for object detection},
  journal   = {BMVC},
  year      = {2017},
  adsurl = {https://arxiv.org/pdf/1705.09587.pdf},
}

@article{object_bib,
  author    = {Pedro F. Felzenszwalb, Ross B. Girshick and David McAllester, Deva Ramanan},
  title     = {Object Detection with Discriminatively Trained Part-Based Models},
  journal   = {IEEE},
  year      = {2010},
  adsurl = {https://pdfs.semanticscholar.org/ed82/8eab7c0af93fc576f484de11fa20a8b3c5a2.pdf},
}

@article{end_end_bib,
  author    = {Li Wan, David Eigen and Rob Fergus},
  title     = {End-to-End Integration of a Convolutional Network, Deformable Parts Model and Non-Maximum Suppression},
  journal   = {CVPR},
  year      = {2014},
  adsurl = {https://arxiv.org/pdf/1411.5309.pdf},
}

@article{unified_bib,
  author    = {Zhaowei Cai, Quanfu Fan and Rogerio S. Feris, Nuno Vasconcelos},
  title     = {A Unified Multi-scale Deep Convolutional Neural Network for Fast Object Detection},
  journal   = {CVPR},
  year      = {2016},
  adsurl = {https://arxiv.org/pdf/1607.07155.pdf},
}

@article{gcnn_bib,
  author    = {Mahyar Najibi, Mohammad Rastegari and Larry S. Davis},
  title     = {G-CNN: an Iterative Grid Based Object Detector},
  journal   = {CVPR},
  year      = {2016},
  adsurl = {https://arxiv.org/pdf/1512.07729.pdf},
}

@article{very_bib,
  author    = {Karen Simonyan and Andrew Zisserman},
  title     = {VERY DEEP CONVOLUTIONAL NETWORKS FOR LARGE-SCALE IMAGE RECOGNITION},
  journal   = {ICLR},
  year      = {2015},
  adsurl = {https://arxiv.org/pdf/1409.1556.pdf},
}

@article{robust_bib,
  author    = {HIEU T. NGUYEN and ARNOLD W. M. SMEULDERS},
  title     = {Robust Tracking Using Foreground-Background Texture Discrimination},
  journal   = {IJCV},
  year      = {2006},
  adsurl = {https://link.springer.com/article/10.1007/s11263-006-7067-x},
}

@article{categories_bib,
  author    = {Li Fei-Fei, Rob Fergus and Pietro Perona},
  title     = {Learning Generative Visual Models from Few Training Examples: An Incremental Bayesian Approach Tested on 101 Object Categories.},
  journal   = {CVPRW},
  year      = {2004},
  adsurl = {http://citeseerx.ist.psu.edu/viewdoc/download?doi=10.1.1.113.9452&rep=rep1&type=pdf},
}

@article{overfeat_bib,
  author    = {Pierre Sermanet, David Eigen and Xiang Zhang, Michael Mathieu and Rob Fergus, Yann LeCun},
  title     = {OverFeat: Integrated Recognition, Localization and Detection using Convolutional Networks},
  journal   = {ICLR},
  year      = {2014},
  adsurl = {https://arxiv.org/pdf/1312.6229.pdf},
}

@article{residual_bib,
  author    = {Kaiming He, Xiangyu Zhang and Shaoqing Ren, Jian Sun},
  title     = {Deep Residual Learning for Image Recognition},
  journal   = {IEEE},
  year      = {2015},
  adsurl = {https://arxiv.org/pdf/1512.03385.pdf},
}

@article{dssd_bib,
  author    = {Cheng-Yang Fu, Wei Liu and Ananth Ranga, Ambrish Tyagi and Alexander C. Berg},
  title     = {DSSD : Deconvolutional Single Shot Detector},
  journal   = {CoRR},
  year      = {2017},
  adsurl = {https://arxiv.org/pdf/1701.06659.pdf},
}

@article{scalable_bib,
  author    = {Dumitru Erhan, Christian Szegedy and  Alexander Toshev, Dragomir Anguelov},
  title     = {Scalable Object Detection using Deep Neural Networks},
  journal   = {IEEE},
  year      = {2014},
  adsurl = {https://arxiv.org/pdf/1312.2249.pdf},
}

@article{integral_bib,
  author    = {Piotr Doll{\'a}r, Zhuowen Tu and Pietro Perona, Serge Belongie},
  title     = {Integral Channel Features},
  journal   = {BMVA},
  year      = {2009},
  adsurl = {http://citeseerx.ist.psu.edu/viewdoc/download?doi=10.1.1.210.3882&rep=rep1&type=pdf},
}
