@misc{niveles_conduccion,
	author = "Ibáñez",
	title = "{De 0 a 5: cuáles son los diferentes niveles de conducción autónoma, a fondo,\textit{xataka}}",
	year = "2017",
	howpublished = {\url{https://www.xataka.com/automovil/de-0-a-5-cuales-son-los-diferentes-niveles-de-conduccion-autonoma}},
	note = "[Accedido 29 de Mayo de 2019]"
}

@misc{moravec,
	author = "Diccionario de Internet y Tecnologías de la Información y la Comunicación",
	title = "{Paradoja de Moravec : que es, definición y significado, descargar videos y fotos, \textit{Internet y Tecnologías de la Información y la Comunicación}}",
	year = "2018",
	howpublished = {\url{https://www.paraisodigital.org/internet/ll-paradoja-de-moravec-que-es-definicion-y-significado-descargar-videos-y-fotos.html}},
	note = "[Accedido 29 de Mayo de 2019]"
}

@misc{int_artificial,
	author = "Betzaida Zambrano and Jorge Hernández",
	title = "{Técnicas y campos de la Inteligencia Artificial}",
	year = "2013",
	howpublished = {\url{https://es.slideshare.net/beshi/tecnicas-y-camposdelaiabzjh}},
	note = "[Accedido 29 de Mayo de 2019]"
}

@misc{vision_indra,
    author = "Indra",
	title = "{Una imagen vale más  que mil palabras: Visión Artificial}",
	howpublished = {\url{https://www.minsait.com/sites/default/files/newsroom_documents/unaimagenvalemasquemilpalabras.pdf}},
	note = "[Accedido 30 de Mayo de 2019]"
}

@misc{vision_sistemas,
    author = "Alejandro, Vicente, Pedro, Javier, Oscar, Sergio and Carlos",
	title = "{Introducción al Diseño de Micro Robots Móviles2009/10: Sistemas De Visión Artificial}",
	year = "2010",
	howpublished = {\url{https://www.google.com/url?sa=t&rct=j&q=&esrc=s&source=web&cd=6&cad=rja&uact=8&ved=2ahUKEwjm3_TF9tziAhUuxYUKHdmADZQQFjAFegQIAxAC&url=http%3A%2F%2Fwww.roboticaeducativa.org%2Fmod%2Fresource%2Fview.php%3Fid%3D2051&usg=AOvVaw1WxJXLKEuuu7WpKO8VivRb}},
	note = "[Accedido 30 de Mayo de 2019]"
}

@misc{cancer,
    author = "MIT Computer Science \& Artificial Intelligence Lab",
	title = "{Using AI to predict breast cancer and personalize care}",
	year = "2019",
	howpublished = {\url{https://www.csail.mit.edu/news/using-ai-predict-breast-cancer-and-personalize-care}},
	note = "[Accedido 30 de Mayo de 2019]"
}

@misc{Dickmanns,
    author = "Janosch Delcker",
	title = "{The man who invented the self-driving car (in 1986)}",
	year = "2018",
	howpublished = {\url{https://www.politico.eu/article/delf-driving-car-born-1986-ernst-dickmanns-mercedes/}},
	note = "[Accedido 30 de Mayo de 2019]"
}

@misc{rna,
	author = "Anyu",
	title = "{''RNA – Redes Neuronales Artificiales'', \textit{Bitácoras de un Ingeniero}}",
	year = "2011",
	howpublished = {\url{http://andrealezcano.blogspot.com.es/2011/04/rna-redes-neuronales-artificiales.html}},
	note = "[Accedido 29 de Mayo de 2019]"
}

@misc{rna2,
	author = "Pedro Larra~naga,I~nakiInza,AbdelmalikMoujahid",
	title = "{Tema8. RedesNeuronale}",
	howpublished = {\url{http://www.sc.ehu.es/ccwbayes/docencia/mmcc/docs/t8neuronales.pdf}},
	note = "[Accedido 31 de Mayo de 2019]"
}

@misc{rna3,
	author = "Skymind",
	title = "{A Beginner's Guide to Neural Networks and Deep Learning, \textit{A.I. Wiki}}",
	howpublished = {\url{https://skymind.ai/wiki/neural-network}},
	note = "[Accedido 31 de Mayo de 2019]"
}

@misc{rna4,
	author = "Emilio Soria, Antonio Blanco",
	title = "{Redes neuronales artificiales}",
	howpublished = {\url{https://www.acta.es/medios/articulos/informatica_y_computacion/019023.pdf}},
	note = "[Accedido 31 de Mayo de 2019]"
}

@misc{rna5,
	author = "Fernando Sancho Caparrini",
	title = "{Redes Neuronales: una visión superficial}",
	howpublished = {\url{http://www.cs.us.es/~fsancho/?e=72}},
	note = "[Accedido 31 de Mayo de 2019]"
}

@misc{rna6,
	author = "Damián Jorge Matich",
	title = "{Redes Neuronales: Conceptos Básicos y Aplicaciones}",
	year = "2001",
	howpublished = {\url{https://www.frro.utn.edu.ar/repositorio/catedras/quimica/5_anio/orientadora1/monograias/matich-redesneuronales.pdf}},
	note = "[Accedido 31 de Mayo de 2019]"
}

@misc{rna7,
	author = "Mayank Mishra",
	title = "{ Convolutional Neural Networks, Explained}",
	year = "2019",
	howpublished = {\url{https://www.datascience.com/blog/convolutional-neural-network}},
	note = "[Accedido 31 de Mayo de 2019]"
}

@misc{rna8,
	author = "M.Eng. Dewi Suryani, S.Kom",
	title = "{Convolutional Neural Network, \textit{Binus University - School of Computer Science}}",
	year = "2017",
	howpublished = {\url{http://socs.binus.ac.id/2017/02/27/convolutional-neural-network/}},
	note = "[Accedido 31 de Mayo de 2019]"
}

@misc{cnn1,
	author = "Raul E. Lopez Briega",
	title = "{Redes neuronales convolucionales con TensorFlow}",
	year = "2016",
	howpublished = {\url{https://relopezbriega.github.io/blog/2016/08/02/redes-neuronales-convolucionales-con-tensorflow/}},
	note = "[Accedido 31 de Mayo de 2019]"
}

@phdthesis{tesis_placentaria,
    author = {Omar Emilio Contreras Zaragoza},
	title = "{Desarrollo de una red neuronal convolucional para el procesamiento de imágenes placentarias}",
	year = 2018,
	school = {Universidad Nacional Autónoma de México},
	howpublished = {\url{http://www.ptolomeo.unam.mx:8080/xmlui/bitstream/handle/132.248.52.100/15458/tesis.pdf?sequence=1}},
	note = "[Accedido 1 de Junio de 2019]"
}

@phdthesis{cnn_visual_sonoro,
    author = {Pablo Pastor Martín},
	title = "{Usando Redes Neuronales Convolucionales Para Convertir Características Visuales en Estímulos Sonoros}",
	year = 2018,
	school = {Universidad de La Laguna},
	howpublished = {\url{https://riull.ull.es/xmlui/bitstream/handle/915/10422/Usando%20redes%20neuronales%20convolucionales%20para%20convertir%20caracteristicas%20visuales%20en%20estimulos%20sonoros.pdf?sequence=1&isAllowed=y}},
	note = "[Accedido 1 de Junio de 2019]"
}

@phdthesis{evaluacion_cnn,
    author = {John Marturet Rodrigo},
	title = "{Evaluación  de  redes  neuronales  convolucionales  para  la  clasificación  de imágenes  histológicas  de  cáncer colorrectalmediante  transferencia  de aprendizaje}",
	year = 2018,
	school = {Universitat Oberta de Catalunya},
	howpublished = {\url{http://openaccess.uoc.edu/webapps/o2/bitstream/10609/74105/6/jmarturetTFM0118memoria.pdf}},
	note = "[Accedido 1 de Junio de 2019]"
}

@phdthesis{conv_r,
    author = {Jaime Durán Suárez},
	title = "{Redes Neuronales Convolucionales en R}",
	year = 2017,
	school = {Escuela Técnica Superior de Ingeniería, Universidad de Sevilla},
	howpublished = {\url{http://bibing.us.es/proyectos/abreproy/91338/fichero/TFG+Jaime+Dur%C3%A1n+Su%C3%A1rez.pdf}},
	note = "[Accedido 1 de Junio de 2019]"
}

@phdthesis{lstm_nuclear,
    author = {José Francisco Núñez Castro},
	title = "{Aprendizaje automático en fusión nuclear con Deep Learning}",
	year = 2017,
	school = {Pontifica Universidad Católica de Valparaíso},
	howpublished = {\url{https://docplayer.es/98121642-Escuela-de-ingenieria-electrica-facultad-de-ingenieria-jose-francisco-nunez-castro-aprendizaje-automatico-en-fusion-nuclear-con-deep-learning.html}},
	note = "[Accedido 1 de Junio de 2019]"
}

@misc{lstm_tutorial,
	author = "Oinkina and Hakyll",
	title = "{Understanding LSTM Networks}",
	year = "2015",
	howpublished = {\url{https://colah.github.io/posts/2015-08-Understanding-LSTMs/}},
	adsurl={https://www.bioinf.jku.at/publications/older/2604.pdf},
	note = "[Accedido 1 de Junio de 2019]"
}

@article{lstm,
  title={Long Short-Term Memory},
  author={Sepp Hochreiter and J{\"u}rgen Schmidhuber},
  journal={Neural Computation},
  year={1997},
  volume={9},
  pages={1735-1780}
}

@misc{vision1,
	author = "Secretaría de Estado de Educación y Formación Profesional",
	title = "{Visión Artificial: Aplicación práctica de la visión artificial en el control de procesos industriales}",
	year = "2012",
	howpublished = {\url{http://visionartificial.fpcat.cat/wp-content/uploads/UD_1_didac_Conceptos_previos.pdf}},
	note = "[Accedido 29 de Mayo de 2019]"
}

@misc{waymo,
	author = "Philipp Kandal",
	title = "{From Zero to Waymo: The Story of Google’s Driverless Car}",
	year = "2017",
	howpublished = {\url{https://kandal.com/essays/from-zero-to-waymo-the-story-of-googles-driverless-car}},
	note = "[Accedido 30 de Mayo de 2019]"
}

@misc{bmw_mercedes,
	author = " David Villarreal",
	title = "{BMW y Mercedes-Benz unen fuerzas para desarrollar coches autónomos, Diariomotor}",
	year = "2019",
	howpublished = {\url{https://www.diariomotor.com/noticia/bmw-mercedes-unen-fuerzas-coche-autonomo/}},
	note = "[Accedido 30 de Mayo de 2019]"
}

@misc{modelo_espiral,
	author = "Galo Fariño R.",
	title = "{Modelo Espiral de un proyecto de desarrollo de software, \textit{Administración y Evaluación de Proyectos}}",
	year = "2011",
	howpublished = {\url{http://www.ojovisual.net/galofarino/modeloespiral.pdf}},
	note = "[Accedido 31 de Mayo de 2019]"
}

@misc{modelo_espiral1,
	title = "{Modelo Espiral}",
	year = "2009",
	howpublished = {\url{http://modeloespiral.blogspot.com.es/}},
	note = "[Accedido 31 de Mayo de 2019]"
}


@misc{modelo_espiral2,
	title = "{Herramientas software}",
	howpublished = {\url{https://moodle2.unid.edu.mx/dts_cursos_mdl/lic/IEL/HS/S04/HS04_Lectura.pdf}},
	note = "[Accedido 31 de Mayo de 2019]"
}

@inproceedings{alvinn,
	author = {Dean A. Pomerleau},
    title = {ALVINN: An Autonomous Land Vehicle in a Neural Network},
    booktitle = {Advances in Neural Information Processing Systems 1},
    editor = {D. S. Touretzky},
    pages = {305--313},
    year = {1989},
    publisher = {Morgan-Kaufmann},
    adsurl = {http://papers.nips.cc/paper/95-alvinn-an-autonomous-land-vehicle-in-a-neural-network.pdf}
}

@incollection{road,
    title = {Off-Road Obstacle Avoidance through End-to-End Learning},
    author = {Urs Muller and Jan Ben and Eric Cosatto and Beat Flepp and Yann L. Cun},
    booktitle = {Advances in Neural Information Processing Systems 18},
    editor = {Y. Weiss and B. Sch\"{o}lkopf and J. C. Platt},
    pages = {739--746},
    year = {2006},
    publisher = {MIT Press},
    adsurl = {http://papers.nips.cc/paper/2847-off-road-obstacle-avoidance-through-end-to-end-learning.pdf}
}

@article{end2end,
  title={End to End Learning for Self-Driving Cars},
  author={Mariusz Bojarski and Davide Del Testa and Daniel Dworakowski and Bernhard Firner and Beat Flepp and Prasoon Goyal and Lawrence D. Jackel and Mathew Monfort and Urs Muller and Jiakai Zhang and Xin Zhang and Jake Zhao and Karol Zieba},
  journal={CoRR},
  year={2016},
  volume={abs/1604.07316},
  adsurl = {https://arxiv.org/pdf/1604.07316.pdf}
}

@article{explaining-end2end,
  title={Explaining How a Deep Neural Network Trained with End-to-End Learning Steers a Car},
  author={Mariusz Bojarski and Philip Yeres and Anna Choromanska and Krzysztof Choromanski and Bernhard Firner and Lawrence D. Jackel and Urs Muller},
  journal={CoRR},
  year={2017},
  volume={abs/1704.07911},
  adsurl = {https://arxiv.org/pdf/1704.07911.pdf}
}

@article{temporal-dependencies,
  title={End-to-End Deep Learning for Steering Autonomous Vehicles Considering Temporal Dependencies},
  author={Hesham M. Eraqi and Mohamed N. Moustafa and Jens Honer},
  journal={CoRR},
  year={2017},
  volume={abs/1710.03804},
  adsurl = {https://arxiv.org/pdf/1710.03804.pdf}
}

@article{reactive-ground,
  title={Reactive Ground Vehicle Control via Deep Networks},
  author={Keith Sullivan and Wallace Lawson},
  year={2017},
  adsurl = {http://juxi.net/workshop/deep-learning-rss-2017/papers/Sullivan.pdf}
}

@article{deep-steering,
  title={Deep Steering: Learning End-to-End Driving Model from Spatial and Temporal Visual Cues},
  author={Lu Chi and Yadong Mu},
  journal={CoRR},
  year={2017},
  volume={abs/1708.03798},
  adsurl = {https://arxiv.org/pdf/1708.03798.pdf}
}

@article{interpretable,
  title={Interpretable Learning for Self-Driving Cars by Visualizing Causal Attention},
  author={Jinkyu Kim and John F. Canny},
  journal={2017 IEEE International Conference on Computer Vision (ICCV)},
  year={2017},
  pages={2961-2969},
  adsurl = {https://arxiv.org/pdf/1703.10631.pdf}
}

@article{visual,
  title={VisualBackProp: Efficient Visualization of CNNs for Autonomous Driving},
  author={Mariusz Bojarski and Anna Choromanska and Krzysztof Choromanski and Bernhard Firner and Larry J. Ackel and Urs Muller and Philip Yeres and Karol Zieba},
  journal={2018 IEEE International Conference on Robotics and Automation (ICRA)},
  year={2018},
  pages={1-8}, 
  adsurl={https://arxiv.org/pdf/1611.05418.pdf}
}

@article{survey-driving,
author = {Gustav von Zitzewitz},
year = {2017},
month = {07},
pages = {},
title = {Survey of neural networks in autonomous driving},
adsurl={https://www.researchgate.net/publication/324476862_Survey_of_neural_networks_in_autonomous_driving}
}

@inproceedings{agile-autonomous,
  title={Agile Autonomous Driving using End-to-End Deep Imitation Learning},
  author={Yunpeng Pan and Ching-An Cheng and Kamil Saigol and Keuntaek Lee and Xinyan Yan and Evangelos A. Theodorou and Byron Boots},
  booktitle={Robotics: Science and Systems},
  year={2018},
  adsurl={https://www.researchgate.net/publication/326739189_Agile_Autonomous_Driving_using_End-to-End_Deep_Imitation_Learning}
}

@article{pixels,
  title={From Pixels to Actions: Learning to Drive a Car with Deep Neural Networks},
  author={Jonas Heylen and Seppe Iven and Bert De Brabandere and M. Oramas Jos{\'e}Oramas and Luc Van Gool and Tinne Tuytelaars},
  journal={2018 IEEE Winter Conference on Applications of Computer Vision (WACV)},
  year={2018},
  pages={606-615},
  adsurl={http://homes.esat.kuleuven.be/~jheylen/FromPixelsToActions/FromPixelsToActionsPaper_Wacv18.pdf}
}

@article{event,
  title={Event-Based Vision Meets Deep Learning on Steering Prediction for Self-Driving Cars},
  author={Ana I. Maqueda and Antonio Loquercio and Guillermo Gallego and Narciso Garc{\'i}a and Davide Scaramuzza},
  journal={2018 IEEE/CVF Conference on Computer Vision and Pattern Recognition},
  year={2018},
  pages={5419-5427},
  adsurl={https://arxiv.org/abs/1804.01310}
}

@inbook{self-driving,
    author = {del Egio, Javier and Bergasa, Luis and Romera, Eduardo and Gómez Huélamo, Carlos and Araluce, Javier and Barea, Rafael},
    year = {2019},
    month = {01},
    pages = {31-43},
    title = {Self-driving a Car in Simulation Through a CNN: Proceedings of the 19th International Workshop of Physical Agents (WAF 2018), November 22-23, 2018, Madrid, Spain},
    isbn = {978-3-319-99884-8},
    doi = {10.1007/978-3-319-99885-5_3}
}

@article{comma,
  title={Learning a Driving Simulator},
  author={Eder Santana and George Hotz},
  journal={CoRR},
  year={2016},
  volume={abs/1608.01230}
}

@misc{udacity-data,
	title = "{Self Driving Car Engineer}",
	year = "2017",
	howpublished = {\url{https://eu.udacity.com/course/self-driving-car-engineer-nanodegree--nd013}},
	note = "[Accedido 30 de Abril de 2019]"
}

@misc{udacity-dataset,
	title = "{Udacity's Datasets}",
	year = "2016",
	howpublished = {\url{https://github.com/udacity/self-driving-car/tree/master/datasets}},
	note = "[Accedido 30 de Abril de 2019]"
}

@inproceedings{carla,
  title={CARLA: An Open Urban Driving Simulator},
  author={Alexey Dosovitskiy and Germ{\'a}n Ros and Felipe Codevilla and Antonio L{\'o}pez and Vladlen Koltun},
  booktitle={CoRL},
  year={2017},
  adsurl={https://arxiv.org/pdf/1711.03938.pdf}
}

@misc{gazebo1,
	title = "{Gazebo}",
	year = "2011",
	howpublished = {\url{http://gazebosim.org/}},
	note = "[Accedido 30 de Abril de 2019]"
}

@misc{gazebo2,
	author = "Lucas Martín",
	title = "{Gazebo, simulador de robótica, \textit{Automatismos Mar del Plata}}",
	year = "2017",
	howpublished = {\url{http://www.automatismos-mdq.com.ar/blog/2017/01/gazebo-simulador-de-robotica.html}},
	note = "[Accedido 30 de Abril de 2019]"
}

@misc{gazebo3,
	title = "{Gazebo Simulator: simular un robot nunca fue tan fácil, \textit{Robologs}}",
	year = "2016",
	howpublished = {\url{https://robologs.net/2016/06/25/gazebo-simulator-simular-un-robot-nunca-fue-tan-facil/}},
	note = "[Accedido 30 de Abril de 2019]"
}

@misc{carla-org,
	title = "{CARLA: Open-source simulator for autonomous driving research}",
	year = "2017",
	howpublished = {\url{http://carla.org/}},
	note = "[Accedido 30 de Abril de 2019]"
}

@misc{udacity-sim,
	title = "{Udacity's Self-Driving Car Simulator}",
	year = "2017",
	howpublished = {\url{https://github.com/udacity/self-driving-car-sim/}},
	note = "[Accedido 30 de Abril de 2019]"
}

@misc{deepdrive,
	title = "{Deepdrive: self-driving AI}",
	year = "2017",
	howpublished = {\url{https://deepdrive.io/}},
	note = "[Accedido 30 de Abril de 2019]"
}

@misc{follow,
	title = "{Follow line: JdeRobot RoboticsAcademy}",
	year = "2017",
	howpublished = {\url{https://github.com/JdeRobot/RoboticsAcademy/tree/master/exercises/follow\_line}},
	note = "[Accedido 30 de Septiembre de 2018]"
}

@misc{sae,
	title = "{Automated driving levels of driving automation are defined in new SAE International Standard J3016}",
	year = "2014",
	howpublished = {\url{https://www.smmt.co.uk/wp-content/uploads/sites/2/automated_driving.pdf}},
	note = "[Accedido 3 de Junio de 2019]"
}

@phdthesis{unity-autopiloto,
    author = {Javier Antón Alonso and Xuebo Zhu Chen},
	title = "{Estudio y simulación de un vehículo autopilotado en Unity 5 haciendo uso de algoritmos de aprendizaje automático}",
	year = 2018,
	school = {Universidad Complutense Madrid},
	howpublished = {\url{https://eprints.ucm.es/50223/1/032.pdf}},
	note = "[Accedido 2 de Junio de 2019]"
}

@phdthesis{agentes,
    author = {Joshué Manuel Pérez Rastelli },
	title = "{Agentes de control de vehículos autónomos en entornos urbanos y autovías}",
	year = 2012,
	school = {Universidad Complutense Madrid},
	howpublished = {\url{https://eprints.ucm.es/15311/1/T33773.pdf}},
	note = "[Accedido 2 de Junio de 2019]"
}

@article{deepdriving,
  title={DeepDriving: Learning Affordance for Direct Perception in Autonomous Driving},
  author={Chenyi Chen and Ari Seff and Alain L. Kornhauser and Jianxiong Xiao},
  journal={2015 IEEE International Conference on Computer Vision (ICCV)},
  year={2015},
  pages={2722-2730},
  adsurl={http://deepdriving.cs.princeton.edu/paper.pdf}
}

@phdthesis{lane,
    author = {Antonio Paladini},
	title = "{End-to-end Models for Lane Centering in Autonomous Driving}",
	year = 2018,
	school = {Politecnico di Milano},
	howpublished = {\url{https://www.google.com/url?sa=t&rct=j&q=&esrc=s&source=web&cd=3&cad=rja&uact=8&ved=2ahUKEwikkPilzM3iAhUFzYUKHX-SCWcQFjACegQIARAC&url=https%3A%2F%2Fwww.politesi.polimi.it%2Fbitstream%2F10589%2F142911%2F1%2F2018_09_Paladini.pdf&usg=AOvVaw3c2oxig3qcOyZB24m_drFC}},
	note = "[Accedido 6 de Junio de 2019]"
}

@phdthesis{reinforcement,
    author = {Simon Kardell and Mattias Kuosku},
	title = "{Autonomous vehicle control via deep reinforcement learning}",
	year = 2017,
	school = {Chalmers University of Technology},
	howpublished = {\url{https://pdfs.semanticscholar.org/0044/0fbe53b0b099a7fa1a4714caf401c8663019.pdf}},
	note = "[Accedido 7 de Junio de 2019]"
}

@phdthesis{deeprcar,
    author = {David Ungurean},
	title = "{DeepRCar: An Autonomous Car Model}",
	year = 2018,
	school = {Faculty of Information Technology CTU in Prague},
	howpublished = {\url{https://dspace.cvut.cz/bitstream/handle/10467/76316/F8-DP-2018-Ungurean-David-thesis.pdf?sequence=-1}},
	note = "[Accedido 7 de Junio de 2019]"
}

@article{target,
  title={Target-driven visual navigation in indoor scenes using deep reinforcement learning},
  author={Yuke Zhu and Roozbeh Mottaghi and Eric Kolve and Joseph J. Lim and Abhinav Gupta and Li Fei-Fei and Ali Farhadi},
  journal={2017 IEEE International Conference on Robotics and Automation (ICRA)},
  year={2017},
  pages={3357-3364},
  adsurl={https://arxiv.org/pdf/1609.05143.pdf}
}

@article{long-term,
  title={Long-Term Recurrent Convolutional Networks for Visual Recognition and Description},
  author={Jeff Donahue and Lisa Anne Hendricks and Sergio Guadarrama and Marcus Rohrbach and Subhashini Venugopalan and Kate Saenko and Trevor Darrell},
  journal={IEEE Transactions on Pattern Analysis and Machine Intelligence},
  year={2015},
  volume={39},
  pages={677-691},
  adsurl={https://arxiv.org/pdf/1411.4389.pdf}
}

@article{multi-modal,
  title={End-to-end Multi-Modal Multi-Task Vehicle Control for Self-Driving Cars with Visual Perceptions},
  author={Zhengyuan Yang and Yixuan Zhang and Jerry Yu and Junjie Cai and Jiebo Luo},
  journal={2018 24th International Conference on Pattern Recognition (ICPR)},
  year={2018},
  pages={2289-2294},
  adsurl={https://arxiv.org/pdf/1801.06734.pdf}
}

@article{going-deeper,
  title={Going Deeper: Autonomous Steering with Neural Memory Networks},
  author={Tharindu Fernando and Simon Denman and Sridha Sridharan and Clinton Fookes},
  journal={2017 IEEE International Conference on Computer Vision Workshops (ICCVW)},
  year={2017},
  pages={214-221},
  adsurl={https://eprints.qut.edu.au/114117/1/12.pdf}
}

@inproceedings{multichanel,
  title={Autonomous Vehicle Steering Wheel Estimation from a Video using Multichannel Convolutional Neural Networks},
  author={Arthur Emidio T. Ferreira and Ana Paula Goncalves Soares de Almeida and Flavio de Barros Vidal},
  booktitle={ICINCO},
  year={2018},
  adsurl={https://pdfs.semanticscholar.org/c0d4/4340d8233df9d1dc03a998a4c6c54cde4408.pdf}
}

@book{Goodfellow,
    title={Deep Learning},
    author={Ian Goodfellow and Yoshua Bengio and Aaron Courville},
    publisher={MIT Press},
    note={\url{http://www.deeplearningbook.org}},
    year={2016}
}

@phdthesis{vehiculo_inteligente,
    author = {David Gerónimo Gómez},
	title = "{Visión Artificial aplicada a vehículos inteligentes}",
	year = 2004,
	school = {Universitat Autònoma de Barcelona},
	howpublished = {\url{http://www.davidgeronimo.com/publications/geronimo_bscthesis.pdf}},
	note = "[Accedido 1 de Junio de 2019]"
}

@misc{pyqt1,
	title = "{What is PyQt?, \textit{Riverbank Computing Limited}}",
	year = "2016",
	howpublished = {\url{https://riverbankcomputing.com/software/pyqt/intro}},
	note = "[Accedido 9 de Junio de 2019]"
}

@misc{pyqt,
    author = "Jan Bodnar",
	title = "{Introduction to PyQt5}",
	year = "2017",
	howpublished = {\url{http://zetcode.com/gui/pyqt5/introduction/}},
	note = "[Accedido 10 de Junio de 2019]"
}

@misc{Keras,
    author = "Keras documentation",
	title = "{Keras: The Python Deep Learning library}",
	howpublished = {\url{https://keras.io/}},
	note = "[Accedido 10 de Junio de 2019]"
}

@misc{Keras2,
    author = "Jesús Utrera Burgal",
	title = "{Deep Learning básico con Keras (Parte 1)}",
	ar = "2018",
	howpublished = {\url{https://enmilocalfunciona.io/deep-learning-basico-con-keras-parte-1/}},
	note = "[Accedido 10 de Junio de 2019]"
}

@misc{Keras3,
    author = "Jason Brownlee",
	title = "{Introduction to Python Deep Learning with Keras}",
	year = "2016",
	howpublished = {\url{https://machinelearningmastery.com/introduction-python-deep-learning-library-keras/l}},
	note = "[Accedido 12 de Junio de 2019]"
}

@misc{Keras_license,
    author = "Keras team",
	title = "{Licencia de Keras, \textit{Github}}",
	year = "2019",
	howpublished = {\url{https://github.com/keras-team/keras/blob/master/LICENSE}},
	note = "[Accedido 12 de Junio de 2019]"
}


@misc{historia_python,
	author = "Carlos Santana",
	title = "{Historia de Python}",
	year = "2013",
	howpublished = {\url{https://www.codejobs.biz/es/blog/2013/03/03/historia-de-python}},
	note = "[Accedido 11 de Junio de 2019]"
}

@misc{tutorial_python,
	author = "Python Software Foundation",
	title = "{Tutorial de Python}",
	year = "2017",
	howpublished = {\url{http://docs.python.org.ar/tutorial/3/real-index.html}},
	note = "[Accedido 11 de Junio de 2019]"
}

@misc{historia_python1,
	title = "{Python, \textit{EcuRed}}",
	year = "2017",
	howpublished = {\url{https://www.ecured.cu/Python}},
	note = "[Accedido 11 de Junio de 2019]"
}

@phdthesis{programacion_robot,
  author = "J.M Cañas",
	title = "{Programación de robots con la plataforma Jderobot}",
	year = 2009,
	school = {Universidad de Málaga},
	howpublished = {\url{https://gsyc.urjc.es/jmplaza/activities/charla-umalaga2009.pdf}},
	note = "[Accedido 12 de Junio de 2019]"
}

@phdthesis{navegacion_autolocalizacion4,
  author = "Julio Manuel Vega",
	title = "{Navegaci{\'o}n y autolocalizaci{\'o}n de un robot gu{\'i}a de visitantes}",
	year = 2009,
	school = {Universidad Rey Juan Carlos. Ingeniería Informática},
	howpublished = {\url{http://jderobot.org/multimedia/pfc/jmvega/grad/documentation/guide_robot_2008.pdf}},
	note = "[Accedido 12 de Junio de 2019]"
}

@misc{opencv,
	title = "{P{\'a}gina Oficial de OpenCV}",
	year = "2019",
	howpublished = {\url{http://opencv.org/}},
	note = "[Accedido 12 de Junio de 2019]"
}


@phdthesis{opecv_educacion,
  author = {V. M. Arévalo and J. González and G. Ambrosio },
	title = "{La Librería de Visión Artificial OpenCV, Aplicación a la Docencia e Investigación}",
	year = 2004,
	school = {Dpto. De Ingeniería de Sistemas y Automática, Universidad de Málaga},
	howpublished = {\url{http://mapir.isa.uma.es/varevalo/drafts/arevalo2004lva1.pdf}},
	note = "[Accedido 12 de Junio de 2019]"
}

@misc{hdf5_1,
	title = "{The HDF5 Library \& File Format}",
	year = "2019",
	howpublished = {\url{https://www.hdfgroup.org/solutions/hdf5/}},
	note = "[Accedido 12 de Junio de 2019]"
}

@misc{hdf5_2,
	title = "{What is HDF5?}",
	year = "2019",
	howpublished = {\url{https://support.hdfgroup.org/HDF5/whatishdf5.html}},
	note = "[Accedido 12 de Junio de 2019]"
}

@article{adam,
  title={Adam: A Method for Stochastic Optimization},
  author={Diederik P. Kingma and Jimmy Ba},
  journal={CoRR},
  year={2015},
  volume={abs/1412.6980},
  adsurl={https://arxiv.org/pdf/1412.6980.pdf},
  note = "[Accedido 13 de Junio de 2019]"
}

@misc{ops_theano,
    author = {Theano},
	title = "{Ops for neural networks, \textit{Theano}}",
	year = "2017",
	howpublished = {\url{http://deeplearning.net/software/theano/library/tensor/nnet/nnet.html#theano.tensor.nnet.nnet.categorical_crossentropy}},
	note = "[Accedido 13 de Junio de 2019]"
}

@misc{activation,
    author = {Ji Yang},
	title = "{ReLU and Softmax Activation Functions}",
	year = "2017",
	howpublished = {\url{https://github.com/Kulbear/deep-learning-nano-foundation/wiki/ReLU-and-Softmax-Activation-Functions}},
	note = "[Accedido 13 de Junio de 2019]"
}

@misc{tensorboard,
    author = {TensorFlow},
	title = "{TensorBoard: Visualizing Learning, \textit{TensorFlow Core}}",
	year = "2019",
	howpublished = {\url{https://www.tensorflow.org/guide/summaries_and_tensorboard}},
	note = "[Accedido 14 de Junio de 2019]"
}


@ARTICLE{middleware1,
	author    = {Simone Ceriani and Martino Migliavacca}, 
	title = "{Middleware in robotics}",
	journal = {Advanced Methods of Information Technology for Autonomous Robotics},
	adsurl = {http://home.deib.polimi.it/gini/AdvancedRobotics/docs/CerianiMigliavacca.pdf},
	note = "[Accedido 14 de Junio de 2019]"	
}


@misc{ros_topics,
    author = {ROS.org},
	title = "{Topics de ROS}",
	year = "2019",
	howpublished = {\url{http://wiki.ros.org/Topics}},
	note = "[Accedido 15 de Junio de 2019]"
}

@misc{gazebo_plugins,
    author = {Gazebo},
	title = "{Gazebo plugins in ROS}",
	year = "2014",
	howpublished = {\url{http://gazebosim.org/tutorials?tut=ros_gzplugins}},
	note = "[Accedido 15 de Junio de 2019]"
}

@misc{ros_integration,
    author = {Gazebo},
	title = "{Tutorial: ROS integration overview}",
	year = "2014",
	howpublished = {\url{http://gazebosim.org/tutorials?tut=ros_overview}},
	note = "[Accedido 15 de Junio de 2019]"
}

@misc{ros_architecture,
    author = {Packt},
	title = "{ROS Architecture and Concepts}",
	year = "2016",
	howpublished = {\url{https://hub.packtpub.com/ros-architecture-and-concepts/}},
	note = "[Accedido 15 de Junio de 2019]"
}


@book{ros_book,
    title={Programming Robots with  ROS, A PRACTICAL INTRODUCTION TO THE ROBOT OPERATING SYSTEM},
    author={Morgan Quigley and Brian Gerkey and William D. Smart},
    publisher={O Reilly},
    note={\url{http://marte.aslab.upm.es/redmine/files/dmsf/p_drone-testbed/170324115730_268_Quigley_-_Programming_Robots_with_ROS.pdf}},
    year={2015}
}


@misc{vanessa_prueba1,
    author = {Vanessa Fernández Martínez},
	title = "{Práctica 1: Follow line (Prueba 1), \textit{Visión en Robótica}}",
	year = "2018",
	howpublished = {\url{http://vanessavisionrobotica.blogspot.com/2018/03/practica-1-follow-line-prueba-1.html}},
	note = "[Accedido 16 de Junio de 2019]"
}

@misc{vanessa_prueba2,
    author = {Vanessa Fernández Martínez},
	title = "{Práctica 1: Follow line (Prueba 2), \textit{Visión en Robótica}}",
	year = "2018",
	howpublished = {\url{http://vanessavisionrobotica.blogspot.com/2018/05/practica-1-follow-line-prueba-2.html}},
	note = "[Accedido 16 de Junio de 2019]"
}

@misc{follow_line_jderobot,
    author = {Robotics-Academy},
	title = "{Visual follow-line behavior on a Formula1, \textit{JdeRobot}}",
	year = "2019",
	howpublished = {\url{https://jderobot.org/Robotics-Academy#Visual_follow-line_behavior_on_a_Formula1}},
	note = "[Accedido 16 de Junio de 2019]"
}

@misc{dl_objectdetector,
    author = {JdeRobot},
	title = "{Página del repositorio dl-objectdetector}",
	year = "2018",
	howpublished = {\url{https://github.com/JdeRobot/dl-objectdetector}},
	note = "[Accedido 18 de Junio de 2019]"
}

@misc{machine_learning,
    author = {Raul E. Lopez Briega},
	title = "{Machine Learning con Python, \textit{Matemáticas, análisis de datos y python}}",
	year = "2015",
	howpublished = {\url{https://relopezbriega.github.io/blog/2015/10/10/machine-learning-con-python/}},
	note = "[Accedido 22 de Junio de 2019]"
}

@misc{overfittion,
    author = {Juan Ignacio Bagnato},
	title = "{Qué es overfitting y underfitting y cómo solucionarlo, \textit{Aprende Machine Learning}}",
	year = "2017",
	howpublished = {\url{https://www.aprendemachinelearning.com/que-es-overfitting-y-underfitting-y-como-solucionarlo/}},
	note = "[Accedido 23 de Junio de 2019]"
}

@phdthesis{vanessa_tfg,
    author = {Vanessa Fernández Martínez},
	title = "{Nuevas Prácticas en el Entorno Docente de Robótica JdeRobot-Academy}",
	year = 2017,
	school = {Escuela Técnica Superior de Ingeniería de Telecomunicación, Universidad Rey Juan Carlos},
	howpublished = {\url{https://github.com/RoboticsURJC-students/2016-tfg-vanessa-fernandez/blob/master/MEMORIA/Memoria/Memoria.pdf}},
	note = "[Accedido 23 de Junio de 2019]"
}

@phdthesis{nacho_tfg,
    author = {Ignacio Condés Menchén},
	title = "{Deep Learning Applications for Robotics using TensorFlow and JdeRobot}",
	year = 2018,
	school = {Escuela Técnica Superior de Ingeniería de Telecomunicación, Universidad Rey Juan Carlos},
	howpublished = {\url{https://github.com/RoboticsURJC-students/2017-tfg-nacho_condes/blob/master/report/report.pdf}},
	note = "[Accedido 24 de Junio de 2019]"
}

@phdthesis{marcos_tfm,
    author = {Marcos Pieras Sagardoy},
	title = "{Visual people tracking with deep learning detection and feature tracking}",
	year = 2017,
	school = {Escuela Técnica Superior de Ingeniería de Telecomunicación, Universidad Rey Juan Carlos},
	howpublished = {\url{https://github.com/RoboticsURJC-students/2015-TFM-Marcos-Pieras/blob/master/memoria/Memoria.pdf}},
	note = "[Accedido 24 de Junio de 2019]"
}

@phdthesis{nuria_tfg,
    author = {Nuria Oyaga de Frutos},
	title = "{Análisis de Aprendizaje Profundo con la plataforma Caffe}",
	year = 2017,
	school = {Escuela Técnica Superior de Ingeniería de Telecomunicación, Universidad Rey Juan Carlos},
	howpublished = {\url{https://github.com/RoboticsURJC-students/2016-tfg-nuria-oyaga/blob/master/Memoria-TFG/Memoria.pdf}},
	note = "[Accedido 24 de Junio de 2019]"
}

@phdthesis{david_tfg,
    author = {David Pascual Hernández},
	title = "{Study of Convolutional Neural Networks using Keras Framework}",
	year = 2017,
	school = {Escuela Técnica Superior de Ingeniería de Telecomunicación, Universidad Rey Juan Carlos},
	howpublished = {\url{https://github.com/RoboticsURJC-students/2016-tfg-david-pascual/blob/master/Report/Report.pdf}},
	note = "[Accedido 24 de Junio de 2019]"
}

@phdthesis{pablo_tfg,
    author = {Pablo Moreno Vera},
	title = "{Nuevas Prácticas Docentes en el Entorno Robotics-Academy}",
	year = 2019,
	school = {Escuela Técnica Superior de Ingeniería de Telecomunicación, Universidad Rey Juan Carlos},
	howpublished = {\url{https://github.com/RoboticsURJC-students/2017-tfg-pablo-moreno/blob/master/TFG/Memoria.pdf}},
	note = "[Accedido 24 de Junio de 2019]"
}

@book{Jordi_torres,
    title={Deep Learning, Introducción práctica con Keras},
    author={Jordi Torres},
    publisher={WATCH THIS SPACE},
    note={\url{https://torres.ai/deep-learning-inteligencia-artificial-keras}},
    year={2018}
}

@misc{video_prediction,
    author = {srirangatarun},
	title = "{Video Frame Prediction with Keras, \textit{Machine Learning Concepts}}",
	year = "2018",
	howpublished = {\url{https://srirangatarun.wordpress.com/2018/07/09/video-frame-prediction-with-keras/}},
	note = "[Accedido 25 de Junio de 2019]"
}

@misc{smallerVgg,
    author = {Adrian Rosebrock},
	title = "{Keras and Convolutional Neural Networks (CNNs), \textit{PyImageSearch}}",
	year = "2018",
	howpublished = {\url{https://www.pyimagesearch.com/2018/04/16/keras-and-convolutional-neural-networks-cnns/}},
	note = "[Accedido 25 de Junio de 2019]"
}

@misc{lenet_5,
    author = {Muhammad Rizwan},
	title = "{LeNet-5 – A Classic CNN Architecture
, \textit{engMRK}}",
	year = "2018",
	howpublished = {\url{https://engmrk.com/lenet-5-a-classic-cnn-architecture/}},
	note = "[Accedido 26 de Junio de 2019]"
}

@misc{lenet,
    author = {Max Pechyonkin},
	title = "{Key Deep Learning Architectures: LeNet-5}",
	year = "2018",
	howpublished = {\url{https://medium.com/@pechyonkin/key-deep-learning-architectures-lenet-5-6fc3c59e6f4}},
	note = "[Accedido 26 de Junio de 2019]"
}

@inproceedings{LeCunGradient,
  title={Gradient-based learning applied to document recognition},
  author={Yann LeCun},
  year={1998},
  adsurl={http://yann.lecun.com/exdb/publis/pdf/lecun-01a.pdf}
}

@misc{smallerVggNet,
    author = {Adrian Rosebrock},
	title = "{Multi-label classification with Keras, \textit{PyImageSearch}}",
	year = "2018",
	howpublished = {\url{https://www.pyimagesearch.com/2018/05/07/multi-label-classification-with-keras/}},
	note = "[Accedido 27 de Junio de 2019]"
}

@article{vgg,
  title={Very Deep Convolutional Networks for Large-Scale Image Recognition},
  author={Karen Simonyan and Andrew Zisserman},
  journal={CoRR},
  year={2015},
  volume={abs/1409.1556},
  adsurl={https://arxiv.org/pdf/1409.1556/}
}

@misc{metricas_evaluacion,
    author = {Aditya Mishra},
	title = "{Metrics to Evaluate your Machine Learning Algorithm, \textit{Towards Data Science}}",
	year = "2018",
	howpublished = {\url{https://towardsdatascience.com/metrics-to-evaluate-your-machine-learning-algorithm-f10ba6e38234}},
	note = "[Accedido 27 de Junio de 2019]"
}

@misc{metricas_performance,
    author = {Mohammed Sunasra},
	title = "{Performance Metrics for Classification problems in Machine Learning, \textit{Medium}}",
	year = "2017",
	howpublished = {\url{https://medium.com/thalus-ai/performance-metrics-for-classification-problems-in-machine-learning-part-i-b085d432082b}},
	note = "[Accedido 28 de Junio de 2019]"
}

@misc{redes_aplicadas,
    author = {Juan Miguel Marín Diazaraque},
	title = "{Introducción a las redes neuronales aplicadas}",
	howpublished = {\url{http://halweb.uc3m.es/esp/Personal/personas/jmmarin/esp/DM/tema3dm.pdf}},
	note = "[Accedido 28 de Junio de 2019]"
}

@article{Lathuilire,
  title={A Comprehensive Analysis of Deep Regression},
  author={St{\'e}phane Lathuili{\`e}re and Pablo Mesejo and Xavier Alameda-Pineda and Radu Horaud},
  journal={IEEE transactions on pattern analysis and machine intelligence},
  adsurl={https://arxiv.org/pdf/1803.08450.pdf},
  year={2019}
}
