@misc{vedaldi08vlfeat,
author = {A. Vedaldi and B. Fulkerson},
title = {{VLFeat}: An Open and Portable Library of Computer Vision Algorithms},
year  = {2008},
howpublished = {\url{http://www.vlfeat.org/}}
}
@inproceedings{PSB:2004,
title = {The Princeton Shape Benchmark},
author = {Philip Shilane and Patrick Min and Michael Kazhdan and Thomas Funkhouser},
booktitle = {Proceedings of the Shape Modeling International 2004},
series = {SMI '04},
year = {2004},
pages = {167--178},
numpages = {12},
acmid = {1007045},
publisher = {IEEE Computer Society},
address = {Washington, DC, USA}
} 


@InProceedings{Chatfield:2011,
author       = "Chatfield, K. and Lempitsky, V. and Vedaldi, A. and Zisserman, A.",
title        = "The devil is in the details: an evaluation of recent feature encoding methods",
booktitle    = "BMVC",
year         = "2011",
}


@inproceedings{Jaakkola:1998,
author = {Jaakkola, Tommi S. and Haussler, David},
title = {Exploiting Generative Models in Discriminative Classifiers},
booktitle = {Proceedings of the 1998 Conference on Advances in Neural Information Processing Systems II},
year = {1998},
pages = {487--493},
numpages = {7},
publisher = {MIT Press}
} 

@inproceedings{Perronnin:2010b,
author = {Perronnin, Florent and S\'{a}nchez, Jorge and Mensink, Thomas},
title = {Improving the Fisher Kernel for Large-scale Image Classification},
booktitle = {Proc. ECCV},
year = {2010},
location = {Heraklion, Crete, Greece},
pages = {143--156},
numpages = {14},
acmid = {1888101},
address = {Berlin},
} 

@article{Wang:2012,
  author    = {Quan Wang},
  title     = {Kernel Principal Component Analysis and its Applications in Face Recognition and Active Shape Models},
  journal   = {CoRR},
  year      = {2012}
}

@incollection{Takeyoshi:2002,
year={2002},
booktitle={Medical Image Computing and Computer-Assisted Intervention - MICCAI 2002},
series={Lecture Notes in Computer Science},
editor={Dohi, Takeyoshi and Kikinis, Ron},
title={Kernel Fisher for Shape Based Classification in Epilepsy},
author={Vohra, N. and Vemuri, B.C. and Rangarajan, A. and Gilmore, R.L. and Roper, S.N. and Leonard, C.M.},
pages={436-443}
}

@INPROCEEDINGS{Perronnin:2007, 
author={Perronnin, F. and Dance, C.}, 
booktitle={Proc. CVPR}, 
title={Fisher Kernels on Visual Vocabularies for Image Categorization}, 
year={2007}, 
month={June}, 
pages={1-8}, 
}

@inproceedings{Zhou:2010,
 author = {Zhou, Xi and Yu, Kai and Zhang, Tong and Huang, Thomas S.},
 title = {Image Classification Using Super-vector Coding of Local Image Descriptors},
 booktitle = {Proc ECCV},
 year = {2010},
 location = {Heraklion, Crete, Greece},
 pages = {141--154},
 numpages = {14}
}

@InProceedings{Simonyan:2013,
author       = "Simonyan, K. and Parkhi, O. M. and Vedaldi, A. and Zisserman, A.",
title        = "{F}isher {V}ector {F}aces in the {W}ild",
booktitle    = "British Machine Vision Conference",
year         = "2013",
}


@INPROCEEDINGS{Perronnin:2010, 
author={Perronnin, F. and Yan Liu and Sanchez, J. and Poirier, H.}, 
booktitle={Proc. CVPR}, 
title={Large-scale image retrieval with compressed Fisher vectors}, 
year={2010}, 
month={June}, 
pages={3384-3391}
}


@article{Schneider:2014,
author = {Schneider, Ros\'{a}lia G. and Tuytelaars, Tinne},
title = {Sketch Classification and Classification-driven Analysis Using Fisher Vectors},
journal = {ACM Trans. Graph.},
volume = {33},
number = {6},
year = {2014},
pages = {174:1--174:9},
numpages = {9},
publisher = {ACM},
address = {New York, NY, USA},
} 


@incollection{Csurka:2011,
year={2011},
booktitle={Computer Vision, Imaging and Computer Graphics. Theory and Applications},
volume={229},
series={Communications in Computer and Information Science},
editor={Richard, Paul and Braz, José},
title={Fisher Vectors: Beyond Bag-of-Visual-Words Image Representations},
author={Csurka, Gabriela and Perronnin, Florent},
pages={28-42},
language={English}
}


@article{Sanchez:2013,
year={2013},
journal={International Journal of Computer Vision},
volume={105},
number={3},
title={Image Classification with the Fisher Vector: Theory and Practice},
author={Sánchez, Jorge and Perronnin, Florent and Mensink, Thomas and Verbeek, Jakob},
pages={222-245},
language={English}
}

%%%%% 3D SHAPE ANALYSIS


%USING B-O-V

@INPROCEEDINGS{Litman:2014,
author = {Roee Litman and Alex Bronstein and Michael Bronstein and Umberto Castellani},
title = {Supervised learning of bag-of-features shape descriptors using sparse coding},
booktitle = {Symposium on Geometry Processing (SGP)},
year = {2014}
}



@inproceedings{shrec14sketch,
  author    = {Bo Li and
               Y. Lu and
               C. Li and
               Afzal Godil and
               Tobias Schreck and
               Masaki Aono and
               Martin Burtscher and
               Hongbo Fu and
               Takahiko Furuya and
               Henry Johan and
               Jianzhuang Liu and
               Ryutarou Ohbuchi and
               Atsushi Tatsuma and
               Changqing Zou},
  title     = {Extended Large Scale Sketch-Based 3D Shape Retrieval},
  booktitle = {Eurographics Workshop on 3D Object Retrieval, Strasbourg, France,
               2014. Proceedings},
  pages     = {121--130},
  year      = {2014}
}


@INPROCEEDINGS{Pickup:2014,
author = {Pickup, D. and Sun, X. and Rosin, P. L. and Martin, R. R. and Cheng, Z. and Lian, Z. and Aono, M. and Ben Hamza, A. and Bronstein, A. and Bronstein, M. and Bu, S. and Castellani, U. and Cheng, S. and Garro, V. and Giachetti, A. and Godil, A. and Han, J. and Johan, H. and Lai, L. and Li, B. and Li, C. and Li, H. and Litman, R. and Liu, X. and Liu, Z. and Lu, Y. and Tatsuma, A. and Ye, J.},
title = {S{H}{R}{E}{C}'14 track: Shape Retrieval of Non-Rigid 3D Human Models},
booktitle = {Proceedings of the 7th Eurographics workshop on 3D Object Retrieval},
series = {EG 3DOR'14},
year = {2014},
numpages = {10},
publisher = {Eurographics Association}
}

@article{Li:2014b,
year={2014},
journal={Multimedia Tools and Applications},
volume={72},
number={2},
title={Hybrid shape descriptor and meta similarity generation for non-rigid and partial 3D model retrieval},
author={Li, Bo and Godil, Afzal and Johan, Henry},
pages={1531-1560},
language={English}
}

@inproceedings{Ohbuchi:2010,
author = {Ohbuchi, Ryutarou and Furuya, Takahiko},
title = {Distance Metric Learning and Feature Combination for Shape-based 3D Model Retrieval},
booktitle = {Proceedings of the ACM Workshop on 3D Object Retrieval},
series = {3DOR '10},
year = {2010},
location = {Firenze, Italy},
pages = {63--68},
numpages = {6},
acmid = {1877822},
publisher = {ACM},
address = {New York, NY, USA},
}
@inproceedings{Furuya:2013,
  author    = {Takahiko Furuya and Ryutarou Ohbuchi},
  title     = {Ranking on Cross-Domain Manifold for Sketch-Based 3D Model Retrieval},
  booktitle = {2013 International Conference on Cyberworlds, Yokohama, Japan, October, 2013},
  pages     = {274--281},
  year      = {2013}
}

@INPROCEEDINGS{Furuya:2009,
author = {Furuya, Takahiko and Ohbuchi, Ryutarou},
title = {Dense Sampling and Fast Encoding for 3D Model Retrieval Using Bag-of-visual Features},
booktitle = {Proceedings of CIVR '09},
year = {2009},
location = {Santorini, Fira, Greece},
pages = {26:1--26:8},
articleno = {26},
numpages = {8},
acmid = {1646430},
publisher = {ACM},
address = {New York, NY, USA},
} 

% survey 2008 shape retrieval
@article{Tangelder:2008,
author = {Tangelder, Johan W. and Veltkamp, Remco C.},
title = {A Survey of Content Based 3D Shape Retrieval Methods},
journal = {Multimedia Tools Appl.},
issue_date = {September 2008},
volume = {39},
number = {3},
month = sep,
year = {2008},
pages = {441--471},
numpages = {31},
acmid = {1395041},
publisher = {Kluwer Academic Publishers},
address = {Hingham, MA, USA},
}

%shape DNA
@article{Reuter:2006,
author = {Reuter, Martin and Wolter, Franz-Erich and Peinecke, Niklas},
title = {Laplace-Beltrami Spectra As 'Shape-DNA' of Surfaces and Solids},
journal = {Comput. Aided Des.},
issue_date = {April, 2006},
volume = {38},
number = {4},
month = apr,
year = {2006},
pages = {342--366},
numpages = {25},
acmid = {1649644},
publisher = {Butterworth-Heinemann},
address = {Newton, MA, USA},
} 

@inproceedings{Reuter:2005,
author = {Reuter, Martin and Wolter, Franz-Erich and Peinecke, Niklas},
title = {Laplace-spectra As Fingerprints for Shape Matching},
booktitle = {Proceedings of the 2005 ACM Symposium on Solid and Physical Modeling},
series = {SPM '05},
year = {2005},
location = {Cambridge, Massachusetts},
pages = {101--106},
numpages = {6},
acmid = {1060256},
publisher = {ACM},
address = {New York, NY, USA},
} 

@inproceedings{Levy:2006,
author = {Levy, Bruno},
title = {Laplace-Beltrami Eigenfunctions Towards an Algorithm That "Understands" Geometry},
booktitle = {Proceedings of the IEEE International Conference on Shape Modeling and Applications 2006},
series = {SMI '06},
year = {2006},
pages = {13--},
acmid = {1136965},
publisher = {IEEE Computer Society},
address = {Washington, DC, USA},
} 

@article{Osada:2002,
author = {Osada, Robert and Funkhouser, Thomas and Chazelle, Bernard and Dobkin, David},
title = {Shape Distributions},
journal = {ACM Trans. Graph.},
issue_date = {October 2002},
volume = {21},
number = {4},
month = oct,
year = {2002},
pages = {807--832},
numpages = {26},
acmid = {571648},
publisher = {ACM},
address = {New York, NY, USA},
} 

%GPS
@inproceedings{Rustamov:2007,
author = {Rustamov, Raif M.},
title = {Laplace-Beltrami Eigenfunctions for Deformation Invariant Shape Representation},
booktitle = {Proceedings of the Fifth Eurographics Symposium on Geometry Processing},
year = {2007},
location = {Barcelona, Spain},
pages = {225--233},
numpages = {9},
publisher = {Eurographics Association},
address = {Switzerland},
} 
%BoV
@INPROCEEDINGS{Ovsjanikov:2009, 
author={Ovsjanikov, M. and Bronstein, A.M. and Bronstein, M.M. and Guibas, L.J.}, 
booktitle={ICCV Workshops}, 
title={Shape Google: a computer vision approach to isometry invariant shape retrieval}, 
year={2009}, 
month={Sept}, 
pages={320-327}
}

%BoV
@article{Bronstein:2011,
author = {Bronstein, Alexander M. and Bronstein, Michael M. and Guibas, Leonidas J. and Ovsjanikov, Maks},
title = {Shape Google: Geometric Words and Expressions for Invariant Shape Retrieval},
journal = {ACM Trans. Graph.},
issue_date = {January 2011},
volume = {30},
number = {1},
month = feb,
year = {2011},
pages = {1:1--1:20},
articleno = {1},
numpages = {20},
publisher = {ACM},
address = {New York, NY, USA},
} 

%HKS
@inproceedings{Sun:2009,
author = {Sun, Jian and Ovsjanikov, Maks and Guibas, Leonidas},
title = {A Concise and Provably Informative Multi-scale Signature Based on Heat Diffusion},
booktitle = {Proceedings of the Symposium on Geometry Processing},
year = {2009},
location = {Berlin},
pages = {1383--1392},
numpages = {10},
acmid = {1735621},
publisher = {Eurographics Association},
address = {Switzerland},
}


%WKS
@INPROCEEDINGS{Aubry:2011, 
author={Aubry, Mathieu and Schlickewei, U. and Cremers, D.}, 
booktitle={Computer Vision Workshops (ICCV Workshops), 2011 IEEE International Conference on},
title={The wave kernel signature: A quantum mechanical approach to shape analysis}, 
month={Nov}, 
year={2011}, 
pages={1626-1633}
}

@inproceedings{Windheuser:2014,
	title = {Optimal Intrinsic Descriptors for Non-Rigid Shape Analysis},
	author = {Windheuser, Thomas and Vestner, Matthias and Rodola, Emanuele and Triebel, Rudolph and Cremers, Daniel},
	year = {2014},
	booktitle = {Proceedings of the British Machine Vision Conference},
	publisher = {BMVA Press},
	editors = {Valstar, Michel and French, Andrew and Pridmore, Tony}
}

@INPROCEEDINGS{Rodola:2014, 
author={Rodola, E. and Rota Bulo, S. and Windheuser, T. and Vestner, M. and Cremers, D.}, 
booktitle={Computer Vision and Pattern Recognition (CVPR), 2014 IEEE Conference on}, 
title={Dense Non-rigid Shape Correspondence Using Random Forests}, 
year={2014}, 
month={June}, 
pages={4177-4184},
}

@inproceedings{Aubry:2011b,
 author = {Aubry, Mathieu and Schlickewei, Ulrich and Cremers, Daniel},
 title = {Pose-consistent 3D Shape Segmentation Based on a Quantum Mechanical Feature Descriptor},
 booktitle = {Proceedings of the 33rd International Conference on Pattern Recognition},
 series = {DAGM'11},
 year = {2011},
 location = {Frankfurt, Germany},
 pages = {122--131},
 numpages = {10},
 publisher = {Springer-Verlag},
 address = {Berlin, Heidelberg},
} 

%SIHKS
@INPROCEEDINGS{Bronstein:2010a, 
author={Bronstein, M.M. and Kokkinos, I.}, 
booktitle={Proc. CVPR}, 
title={Scale-invariant heat kernel signatures for non-rigid shape recognition}, 
year={2010}, 
month={June}, 
pages={1704-1711}, 
}

%Spin Images
@phdthesis{Johnson:1997,
author = "Andrew Johnson",
title = "Spin-Images: A Representation for 3-D Surface Matching",
booktitle = "",
school = "Robotics Institute, Carnegie Mellon University",
month = "August",
year = "1997",
number= "CMU-RI-TR-97-47",
address= "Pittsburgh, PA",
}

%Shape Context
@inproceedings{Belongie:2000,
author = {Serge Belongie and Jitendra Malik and Jan Puzicha},
title = {Shape Context: A New Descriptor for Shape Matching and Object Recognition},
booktitle = {Neural Information Processing Systems},
year = {2000},
pages = {831--837},
}

%% shrec


@inproceedings{shrec15,
  author    = {Zhouhui Lian and
               J. Zhang and
               S. Choi and
               H. ElNaghy and
               Jihad El{-}Sana and
               Takahiko Furuya and
               Andrea Giachetti and
               Riza Alp Guler and
               L. Lai and
               C. Li and
               H. Li and
               F. A. Limberger and
               Ralph R. Martin and
               R. U. Nakanishi and
               A. P. Neto and
               Luis Gustavo Nonato and
               Ryutarou Ohbuchi and
               Kirill Pevzner and
               David Pickup and
               Paul L. Rosin and
               A. Sharf and
               L. Sun and
               Xianfang Sun and
               Sibel Tari and
               G{\"{o}}zde B. {\"{U}}nal and
               R. C. Wilson},
  title     = {Non-rigid 3D Shape Retrieval},
  booktitle = {Eurographics Workshop on 3D Object Retrieval, Zurich, Switzerland,
               May 2-3, 2015.},
  pages     = {107--120},
  year      = {2015},
}

@inproceedings{shrec14large,
author    = {Bo Li and
	   Y. Lu and
	   C. Li and
	   Afzal Godil and
	   Tobias Schreck and
	   Masaki Aono and
	   Qiang Chen and
	   Nihad Karim Chowdhury and
	   Bin Fang and
	   Takahiko Furuya and
	   Henry Johan and
	   Ryuichi Kosaka and
	   Hitoshi Koyanagi and
	   Ryutarou Ohbuchi and
	   Atsushi Tatsuma},
title     = {Large Scale Comprehensive 3D Shape Retrieval},
booktitle = {Eurographics Workshop on 3D Object Retrieval, Strasbourg, France,
	   2014. Proceedings},
pages     = {131--140},
year      = {2014},
}

@inproceedings{shrec12generic,
author    = {Bo Li and
	   Afzal Godil and
	   Masaki Aono and
	   X. Bai and
	   Takahiko Furuya and
	   L. Li and
	   Roberto Javier L{\'{o}}pez{-}Sastre and
	   Henry Johan and
	   Ryutarou Ohbuchi and
	   Carolina Redondo{-}Cabrera and
	   Atsushi Tatsuma and
	   Tomohiro Yanagimachi and
	   S. Zhang},
title     = {SHREC'12 Track: Generic 3D Shape Retrieval},
booktitle = {Eurographics Workshop on 3D Object Retrieval 2012, Cagliari, Italy,
	   May 13, 2012. Proceedings},
pages     = {119--126},
year      = {2012},
bibsource = {dblp computer science bibliography, http://dblp.org}
}

@article{shrec10,
author = {Bronstein, Alexander M. and Bronstein, Michael M. and Castellani, Umberto and Falcidieno, B and Fusiello, A and Godil, A},
journal = {Eurographics Workshop on 3D Object Retrieval},
title = {{SHREC 2010 : robust large-scale shape retrieval benchmark}},
year = {2010}
}
@inproceedings{shrec11,
author = "Zhouhui Lian and Afzal Godil and Benjamin Bustos and Mohamed Daoudi and J. Hermans and Shun Kawamura and Y. Kurita and Guillaume Lavoué and H.V. Nguyen and Ryutarou Ohbuchi and Y. Ohkita and Y. Ohishi and F. Porikli and Martin Reuter and Ivan Sipiran and Dirk Smeets and Paul Suetens and Hedi Tabia and Dirk Vandermeulen",
title = "{SHREC'11} track: shape retrieval on non-rigid {3D} watertight meshes",
booktitle = "Proc. Eurographics 2011 Workshop on 3D Object Retrieval (3DOR'11)",
publisher = "Eurographics Association",
pages = "79--88",
year = "2011",
}


